%This is the bib database file.
%The ideal way of creating this database file is to download the bibtex source rather than typing yourself from sites like ieeexplore, bibsonomy, citeseer etc. Just copy paste the bibtex source here.

@Book{k1,
  Title                    = {Social Network Data Analytics},
  Author                   = {C. C. Aggarwal},
  Publisher                = {Springer},
  Year                     = {2011},
  Owner                    = {Administrator},
  Timestamp                = {2014.09.18}
}

@article{k2,
	title = "Predicting stock market index using fusion of machine learning techniques ",
	journal = "Expert Systems with Applications ",
	volume = "42",
	number = "4",
	pages = "2162 - 2172",
	year = "2015",
	note = "",
	issn = "0957-4174",
	doi = "http://dx.doi.org/10.1016/j.eswa.2014.10.031",
	url = "http://www.sciencedirect.com/science/article/pii/S0957417414006551",
	author = "Jigar Patel and Sahil Shah and Priyank Thakkar and K Kotecha",
	keywords = "Artificial Neural Networks",
	keywords1 = "Support Vector Regression",
	keywords = "Random Forest",
	keywords = "Stock market",
	keywords = "Hybrid models "
}


@article{k3, 
	author={Vidhate, D. and Kulkarni, P.}, 
	booktitle={Advances in Mobile Network, Communication and its Applications (MNCAPPS), 2012 International Conference on}, 
	title={Cooperative Machine Learning with Information Fusion for Dynamic Decision Making in Diagnostic Applications}, 
	year={2012}, 
	month={Aug}, 
	pages={70-74}, 
	keywords={decision making;learning (artificial intelligence);sensor fusion;cooperative machine learning system;covariate shift learning;data fusion tasks;data sources;diagnostic applications;dynamic decision making;information acquisition;information fusion;multiagent systems;multiple source learning paradigm;multitask learning;multiview learning;sound knowledge;transfer learning;Computers;Decision making;Educational institutions;Learning;Learning systems;Machine learning;Multiagent systems;Cooperative Decision Making;Information Fusion;Machine Learning;Reinforcement Learning}, 
	doi={10.1109/MNCApps.2012.19},
}


@article{k4, 
	author={Yaochu Jin and Sendhoff, B.}, 
	journal={Systems, Man, and Cybernetics, Part C: Applications and Reviews, IEEE Transactions on}, 
	title={Pareto-Based Multiobjective Machine Learning: An Overview and Case Studies}, 
	year={2008}, 
	month={May}, 
	volume={38}, 
	number={3}, 
	pages={397-415}, 
	keywords={Pareto optimisation;evolutionary computation;learning (artificial intelligence);Machine Learning:;Pareto-based multiobjective learning;evolutionary algorithms;multiobjective optimization;scalar cost function;Clustering algorithms;Cost function;Evolutionary computation;Machine learning;Machine learning algorithms;Pareto analysis;Power generation;Search methods;Stochastic processes;Supervised learning;Ensemble;Pareto optimization;evolutionary multiobjective optimization;generalization;machine learning;multiobjective learning;multiobjective optimization;neural networks}, 
	doi={10.1109/TSMCC.2008.919172}, 
	ISSN={1094-6977},
}


